<?xml version="1.0" encoding="UTF-8"?><collection xmlns="http://www.loc.gov/MARC21/slim"><record><leader>00374nam--2200133-i-4500</leader><controlfield tag="001">000037361</controlfield><controlfield tag="002">20161230</controlfield><controlfield tag="005">20161230201041</controlfield><controlfield tag="008">060222s1000------------r-----000-0-eng-d</controlfield><datafield ind1=" " ind2=" " tag="100"><subfield code="a">Natrella, Mary Gibbons</subfield></datafield><datafield ind1=" " ind2=" " tag="245"><subfield code="a">Experimental statistics</subfield></datafield><datafield ind1=" " ind2=" " tag="260"><subfield code="a">Washington, National Bureau Of Stabdards, 1963. Xxix + Pag.Dif</subfield></datafield><datafield ind1=" " ind2=" " tag="490"><subfield code="a">National Bureau Of Standards</subfield></datafield><datafield ind1=" " ind2=" " tag="852"><subfield code="a">18142</subfield></datafield></record></collection>